%YAML 1.1
%TAG !u! tag:unity3d.com,2011:
--- !u!29 &1
SceneSettings:
  m_ObjectHideFlags: 0
  m_PVSData: 
  m_PVSObjectsArray: []
  m_PVSPortalsArray: []
  m_OcclusionBakeSettings:
    smallestOccluder: 5
    smallestHole: 0.25
    backfaceThreshold: 100
--- !u!104 &2
RenderSettings:
  m_ObjectHideFlags: 0
  serializedVersion: 7
  m_Fog: 0
  m_FogColor: {r: 0.5, g: 0.5, b: 0.5, a: 1}
  m_FogMode: 3
  m_FogDensity: 0.01
  m_LinearFogStart: 0
  m_LinearFogEnd: 300
  m_AmbientSkyColor: {r: 0.212, g: 0.227, b: 0.259, a: 1}
  m_AmbientEquatorColor: {r: 0.114, g: 0.125, b: 0.133, a: 1}
  m_AmbientGroundColor: {r: 0.047, g: 0.043, b: 0.035, a: 1}
  m_AmbientIntensity: 1
  m_AmbientMode: 0
  m_SkyboxMaterial: {fileID: 2100000, guid: 169eb5980db3a4c14a2c5ca871465e23, type: 2}
  m_HaloStrength: 0.5
  m_FlareStrength: 1
  m_FlareFadeSpeed: 3
  m_HaloTexture: {fileID: 0}
  m_SpotCookie: {fileID: 10001, guid: 0000000000000000e000000000000000, type: 0}
  m_DefaultReflectionMode: 0
  m_DefaultReflectionResolution: 128
  m_ReflectionBounces: 1
  m_ReflectionIntensity: 1
  m_CustomReflection: {fileID: 0}
  m_Sun: {fileID: 0}
  m_IndirectSpecularColor: {r: 0.72098565, g: 0.7226636, b: 0.71754104, a: 1}
--- !u!157 &3
LightmapSettings:
  m_ObjectHideFlags: 0
  serializedVersion: 7
  m_GIWorkflowMode: 0
  m_GISettings:
    serializedVersion: 2
    m_BounceScale: 1
    m_IndirectOutputScale: 1
    m_AlbedoBoost: 1
    m_TemporalCoherenceThreshold: 1
    m_EnvironmentLightingMode: 0
    m_EnableBakedLightmaps: 1
    m_EnableRealtimeLightmaps: 1
  m_LightmapEditorSettings:
    serializedVersion: 4
    m_Resolution: 2
    m_BakeResolution: 40
    m_TextureWidth: 1024
    m_TextureHeight: 1024
    m_AO: 0
    m_AOMaxDistance: 1
    m_CompAOExponent: 1
    m_CompAOExponentDirect: 0
    m_Padding: 2
    m_LightmapParameters: {fileID: 0}
    m_LightmapsBakeMode: 1
    m_TextureCompression: 1
    m_DirectLightInLightProbes: 1
    m_FinalGather: 0
    m_FinalGatherFiltering: 1
    m_FinalGatherRayCount: 256
    m_ReflectionCompression: 2
  m_LightingDataAsset: {fileID: 0}
  m_RuntimeCPUUsage: 25
--- !u!196 &4
NavMeshSettings:
  serializedVersion: 2
  m_ObjectHideFlags: 0
  m_BuildSettings:
    serializedVersion: 2
    agentRadius: 0.5
    agentHeight: 2
    agentSlope: 45
    agentClimb: 0.4
    ledgeDropHeight: 0
    maxJumpAcrossDistance: 0
    accuratePlacement: 0
    minRegionArea: 2
    cellSize: 0.16666667
    manualCellSize: 0
  m_NavMeshData: {fileID: 0}
--- !u!1 &434184114
GameObject:
  m_ObjectHideFlags: 0
  m_PrefabParentObject: {fileID: 0}
  m_PrefabInternal: {fileID: 0}
  serializedVersion: 4
  m_Component:
  - 4: {fileID: 434184116}
  - 114: {fileID: 434184115}
  m_Layer: 0
  m_Name: cam_rotator
  m_TagString: Untagged
  m_Icon: {fileID: 0}
  m_NavMeshLayer: 0
  m_StaticEditorFlags: 0
  m_IsActive: 1
--- !u!114 &434184115
MonoBehaviour:
  m_ObjectHideFlags: 0
  m_PrefabParentObject: {fileID: 0}
  m_PrefabInternal: {fileID: 0}
  m_GameObject: {fileID: 434184114}
  m_Enabled: 1
  m_EditorHideFlags: 0
  m_Script: {fileID: 11500000, guid: fead5669e83f841dba8553d044d0468f, type: 3}
  m_Name: 
  m_EditorClassIdentifier: 
  rotationAngles: {x: 0, y: 1, z: 0}
  speed: 0.1
--- !u!4 &434184116
Transform:
  m_ObjectHideFlags: 0
  m_PrefabParentObject: {fileID: 0}
  m_PrefabInternal: {fileID: 0}
  m_GameObject: {fileID: 434184114}
  m_LocalRotation: {x: 0, y: 0, z: 0, w: 1}
  m_LocalPosition: {x: 0, y: 0, z: 0}
  m_LocalScale: {x: 1, y: 1, z: 1}
  m_LocalEulerAnglesHint: {x: 0, y: 0, z: 0}
  m_Children:
  - {fileID: 1170919715}
  m_Father: {fileID: 0}
  m_RootOrder: 1
--- !u!1001 &873132902
Prefab:
  m_ObjectHideFlags: 0
  serializedVersion: 2
  m_Modification:
    m_TransformParent: {fileID: 0}
    m_Modifications:
    - target: {fileID: 4000010985156316, guid: 17722ca49035344cca518674993ef76e, type: 2}
      propertyPath: m_LocalPosition.x
      value: 0
      objectReference: {fileID: 0}
    - target: {fileID: 4000010985156316, guid: 17722ca49035344cca518674993ef76e, type: 2}
      propertyPath: m_LocalPosition.y
      value: 0
      objectReference: {fileID: 0}
    - target: {fileID: 4000010985156316, guid: 17722ca49035344cca518674993ef76e, type: 2}
      propertyPath: m_LocalPosition.z
      value: 0
      objectReference: {fileID: 0}
    - target: {fileID: 4000010985156316, guid: 17722ca49035344cca518674993ef76e, type: 2}
      propertyPath: m_LocalRotation.x
      value: 0
      objectReference: {fileID: 0}
    - target: {fileID: 4000010985156316, guid: 17722ca49035344cca518674993ef76e, type: 2}
      propertyPath: m_LocalRotation.y
      value: 0
      objectReference: {fileID: 0}
    - target: {fileID: 4000010985156316, guid: 17722ca49035344cca518674993ef76e, type: 2}
      propertyPath: m_LocalRotation.z
      value: 0
      objectReference: {fileID: 0}
    - target: {fileID: 4000010985156316, guid: 17722ca49035344cca518674993ef76e, type: 2}
      propertyPath: m_LocalRotation.w
      value: 1
      objectReference: {fileID: 0}
    - target: {fileID: 4000010985156316, guid: 17722ca49035344cca518674993ef76e, type: 2}
      propertyPath: m_RootOrder
      value: 2
      objectReference: {fileID: 0}
    - target: {fileID: 224000013559894798, guid: 17722ca49035344cca518674993ef76e,
        type: 2}
      propertyPath: m_AnchorMin.y
      value: 1
      objectReference: {fileID: 0}
    - target: {fileID: 224000013559894798, guid: 17722ca49035344cca518674993ef76e,
        type: 2}
      propertyPath: m_AnchorMax.y
      value: 1
      objectReference: {fileID: 0}
    - target: {fileID: 224000013559894798, guid: 17722ca49035344cca518674993ef76e,
        type: 2}
      propertyPath: m_AnchoredPosition.x
      value: 35
      objectReference: {fileID: 0}
    - target: {fileID: 224000013559894798, guid: 17722ca49035344cca518674993ef76e,
        type: 2}
      propertyPath: m_AnchoredPosition.y
      value: -20
      objectReference: {fileID: 0}
    - target: {fileID: 224000013559894798, guid: 17722ca49035344cca518674993ef76e,
        type: 2}
      propertyPath: m_SizeDelta.x
      value: 70
      objectReference: {fileID: 0}
    - target: {fileID: 224000013559894798, guid: 17722ca49035344cca518674993ef76e,
        type: 2}
      propertyPath: m_SizeDelta.y
      value: 40
      objectReference: {fileID: 0}
    - target: {fileID: 224000014089780852, guid: 17722ca49035344cca518674993ef76e,
        type: 2}
      propertyPath: m_AnchorMin.y
      value: 1
      objectReference: {fileID: 0}
    - target: {fileID: 224000014089780852, guid: 17722ca49035344cca518674993ef76e,
        type: 2}
      propertyPath: m_AnchorMax.y
      value: 1
      objectReference: {fileID: 0}
    - target: {fileID: 224000014089780852, guid: 17722ca49035344cca518674993ef76e,
        type: 2}
      propertyPath: m_AnchoredPosition.x
      value: 35
      objectReference: {fileID: 0}
    - target: {fileID: 224000014089780852, guid: 17722ca49035344cca518674993ef76e,
        type: 2}
      propertyPath: m_AnchoredPosition.y
      value: -60
      objectReference: {fileID: 0}
    - target: {fileID: 224000014089780852, guid: 17722ca49035344cca518674993ef76e,
        type: 2}
      propertyPath: m_SizeDelta.x
      value: 70
      objectReference: {fileID: 0}
    - target: {fileID: 224000014089780852, guid: 17722ca49035344cca518674993ef76e,
        type: 2}
      propertyPath: m_SizeDelta.y
      value: 40
      objectReference: {fileID: 0}
    - target: {fileID: 224000011621885306, guid: 17722ca49035344cca518674993ef76e,
        type: 2}
      propertyPath: m_AnchorMin.y
      value: 1
      objectReference: {fileID: 0}
    - target: {fileID: 224000011621885306, guid: 17722ca49035344cca518674993ef76e,
        type: 2}
      propertyPath: m_AnchorMax.y
      value: 1
      objectReference: {fileID: 0}
    - target: {fileID: 224000011621885306, guid: 17722ca49035344cca518674993ef76e,
        type: 2}
      propertyPath: m_AnchoredPosition.x
      value: 35
      objectReference: {fileID: 0}
    - target: {fileID: 224000011621885306, guid: 17722ca49035344cca518674993ef76e,
        type: 2}
      propertyPath: m_AnchoredPosition.y
      value: -100
      objectReference: {fileID: 0}
    - target: {fileID: 224000011621885306, guid: 17722ca49035344cca518674993ef76e,
        type: 2}
      propertyPath: m_SizeDelta.x
      value: 70
      objectReference: {fileID: 0}
    - target: {fileID: 224000011621885306, guid: 17722ca49035344cca518674993ef76e,
        type: 2}
      propertyPath: m_SizeDelta.y
      value: 40
      objectReference: {fileID: 0}
    m_RemovedComponents: []
  m_ParentPrefab: {fileID: 100100000, guid: 17722ca49035344cca518674993ef76e, type: 2}
  m_IsPrefabParent: 0
--- !u!1 &1170919710
GameObject:
  m_ObjectHideFlags: 0
  m_PrefabParentObject: {fileID: 0}
  m_PrefabInternal: {fileID: 0}
  serializedVersion: 4
  m_Component:
  - 4: {fileID: 1170919715}
  - 20: {fileID: 1170919714}
  - 92: {fileID: 1170919713}
  - 124: {fileID: 1170919712}
  - 81: {fileID: 1170919711}
  - 114: {fileID: 1170919716}
  m_Layer: 0
  m_Name: Main Camera
  m_TagString: MainCamera
  m_Icon: {fileID: 0}
  m_NavMeshLayer: 0
  m_StaticEditorFlags: 0
  m_IsActive: 1
--- !u!81 &1170919711
AudioListener:
  m_ObjectHideFlags: 0
  m_PrefabParentObject: {fileID: 0}
  m_PrefabInternal: {fileID: 0}
  m_GameObject: {fileID: 1170919710}
  m_Enabled: 1
--- !u!124 &1170919712
Behaviour:
  m_ObjectHideFlags: 0
  m_PrefabParentObject: {fileID: 0}
  m_PrefabInternal: {fileID: 0}
  m_GameObject: {fileID: 1170919710}
  m_Enabled: 1
--- !u!92 &1170919713
Behaviour:
  m_ObjectHideFlags: 0
  m_PrefabParentObject: {fileID: 0}
  m_PrefabInternal: {fileID: 0}
  m_GameObject: {fileID: 1170919710}
  m_Enabled: 1
--- !u!20 &1170919714
Camera:
  m_ObjectHideFlags: 0
  m_PrefabParentObject: {fileID: 0}
  m_PrefabInternal: {fileID: 0}
  m_GameObject: {fileID: 1170919710}
  m_Enabled: 1
  serializedVersion: 2
  m_ClearFlags: 1
  m_BackGroundColor: {r: 0.19215687, g: 0.3019608, b: 0.4745098, a: 0}
  m_NormalizedViewPortRect:
    serializedVersion: 2
    x: 0
    y: 0
    width: 1
    height: 1
  near clip plane: 0.3
  far clip plane: 1000
  field of view: 60
  orthographic: 0
  orthographic size: 5
  m_Depth: -1
  m_CullingMask:
    serializedVersion: 2
    m_Bits: 4294967295
  m_RenderingPath: -1
  m_TargetTexture: {fileID: 0}
  m_TargetDisplay: 0
  m_TargetEye: 3
  m_HDR: 0
  m_OcclusionCulling: 1
  m_StereoConvergence: 10
  m_StereoSeparation: 0.022
  m_StereoMirrorMode: 0
--- !u!4 &1170919715
Transform:
  m_ObjectHideFlags: 0
  m_PrefabParentObject: {fileID: 0}
  m_PrefabInternal: {fileID: 0}
  m_GameObject: {fileID: 1170919710}
  m_LocalRotation: {x: 0.22315536, y: -0.19488916, z: 0.04558694, w: 0.95401347}
  m_LocalPosition: {x: 19.1, y: 27.3, z: -48.4}
  m_LocalScale: {x: 0.99999994, y: 1, z: 0.9999998}
  m_LocalEulerAnglesHint: {x: 26.306002, y: -22.868002, z: 0}
  m_Children: []
  m_Father: {fileID: 434184116}
  m_RootOrder: 0
--- !u!114 &1170919716
MonoBehaviour:
  m_ObjectHideFlags: 0
  m_PrefabParentObject: {fileID: 0}
  m_PrefabInternal: {fileID: 0}
  m_GameObject: {fileID: 1170919710}
  m_Enabled: 0
  m_EditorHideFlags: 0
  m_Script: {fileID: 11500000, guid: b0923359e9e352a4b9b11c7b7161ad67, type: 3}
  m_Name: 
  m_EditorClassIdentifier: 
  m_Radius: 0.05
  m_SampleCount: 1
  m_OcclusionIntensity: 0.59
  m_Blur: 4
  m_Downsampling: 1
  m_OcclusionAttenuation: 0.31
  m_MinZ: 0.00001
  m_SSAOShader: {fileID: 4800000, guid: 43ca18288c424f645aaa1e9e07f04c50, type: 3}
  m_RandomTexture: {fileID: 2800000, guid: a181ca8e3c62f3e4b8f183f6c586b032, type: 3}
--- !u!1 &2004919474
GameObject:
  m_ObjectHideFlags: 0
  m_PrefabParentObject: {fileID: 0}
  m_PrefabInternal: {fileID: 0}
  serializedVersion: 4
  m_Component:
  - 4: {fileID: 2004919476}
  - 108: {fileID: 2004919475}
  m_Layer: 0
  m_Name: Directional Light
  m_TagString: Untagged
  m_Icon: {fileID: 0}
  m_NavMeshLayer: 0
  m_StaticEditorFlags: 0
  m_IsActive: 1
--- !u!108 &2004919475
Light:
  m_ObjectHideFlags: 0
  m_PrefabParentObject: {fileID: 0}
  m_PrefabInternal: {fileID: 0}
  m_GameObject: {fileID: 2004919474}
  m_Enabled: 1
  serializedVersion: 7
  m_Type: 1
  m_Color: {r: 1, g: 0.95686275, b: 0.8392157, a: 1}
  m_Intensity: 1
  m_Range: 10
  m_SpotAngle: 30
  m_CookieSize: 10
  m_Shadows:
    m_Type: 2
    m_Resolution: 2
    m_CustomResolution: -1
    m_Strength: 1
    m_Bias: 0.05
    m_NormalBias: 0.4
    m_NearPlane: 0.2
  m_Cookie: {fileID: 0}
  m_DrawHalo: 0
  m_Flare: {fileID: 0}
  m_RenderMode: 0
  m_CullingMask:
    serializedVersion: 2
    m_Bits: 4294967295
  m_Lightmapping: 4
  m_AreaSize: {x: 1, y: 1}
  m_BounceIntensity: 1
  m_ShadowRadius: 0
  m_ShadowAngle: 0
--- !u!4 &2004919476
Transform:
  m_ObjectHideFlags: 0
  m_PrefabParentObject: {fileID: 0}
  m_PrefabInternal: {fileID: 0}
  m_GameObject: {fileID: 2004919474}
  m_LocalRotation: {x: 0.36779475, y: 0.45748365, z: 0.21562187, w: 0.78034794}
  m_LocalPosition: {x: 0, y: 0, z: 0}
  m_LocalScale: {x: 1, y: 1, z: 1}
  m_LocalEulerAnglesHint: {x: 22.095001, y: 70.68, z: 46.595}
  m_Children: []
  m_Father: {fileID: 0}
  m_RootOrder: 0
